@String(PAMI = {IEEE Trans. Pattern Anal. Mach. Intell.})
@String(IJCV = {Int. J. Comput. Vis.})
@String(CVPR= {IEEE Conf. Comput. Vis. Pattern Recog.})
@String(ICCV= {Int. Conf. Comput. Vis.})
@String(ECCV= {Eur. Conf. Comput. Vis.})
@String(NIPS= {Adv. Neural Inform. Process. Syst.})
@String(ICPR = {Int. Conf. Pattern Recog.})
@String(BMVC= {Brit. Mach. Vis. Conf.})
@String(TOG= {ACM Trans. Graph.})
@String(TIP  = {IEEE Trans. Image Process.})
@String(TVCG  = {IEEE Trans. Vis. Comput. Graph.})
@String(TMM  = {IEEE Trans. Multimedia})
@String(ACMMM= {ACM Int. Conf. Multimedia})
@String(ICME = {Int. Conf. Multimedia and Expo})
@String(ICASSP=	{ICASSP})
@String(ICIP = {IEEE Int. Conf. Image Process.})
@String(ACCV  = {ACCV})
@String(ICLR = {Int. Conf. Learn. Represent.})
@String(IJCAI = {IJCAI})
@String(PR   = {Pattern Recognition})
@String(AAAI = {AAAI})
@String(CVPRW= {IEEE Conf. Comput. Vis. Pattern Recog. Worksh.})
@String(CSVT = {IEEE Trans. Circuit Syst. Video Technol.})

@String(SPL	= {IEEE Sign. Process. Letters})
@String(VR   = {Vis. Res.})
@String(JOV	 = {J. Vis.})
@String(TVC  = {The Vis. Comput.})
@String(JCST  = {J. Comput. Sci. Tech.})
@String(CGF  = {Comput. Graph. Forum})
@String(CVM = {Computational Visual Media})


@String(PAMI  = {IEEE TPAMI})
@String(IJCV  = {IJCV})
@String(CVPR  = {CVPR})
@String(ICCV  = {ICCV})
@String(ECCV  = {ECCV})
@String(NIPS  = {NeurIPS})
@String(ICPR  = {ICPR})
@String(BMVC  =	{BMVC})
@String(TOG   = {ACM TOG})
@String(TIP   = {IEEE TIP})
@String(TVCG  = {IEEE TVCG})
@String(TCSVT = {IEEE TCSVT})
@String(TMM   =	{IEEE TMM})
@String(ACMMM = {ACM MM})
@String(ICME  =	{ICME})
@String(ICASSP=	{ICASSP})
@String(ICIP  = {ICIP})
@String(ACCV  = {ACCV})
@String(ICLR  = {ICLR})
@String(IJCAI = {IJCAI})
@String(PR = {PR})
@String(AAAI = {AAAI})
@String(CVPRW= {CVPRW})
@String(CSVT = {IEEE TCSVT})


@misc{CenterLoss,
  title     = {A Discriminative Feature Learning Approach for Deep Face Recognition},
  author    = {Yandong Wen and Kaipeng Zhang and Zhifeng Li and Yu Qiao},
  year      = {2016},
}

@misc{BucciROS,
  title         = {On the Effectiveness of Image Rotation for Open Set Domain Adaptation},
  author        = {Silvia Bucci and Mohammad Reza Loghmani and Tatiana Tommasi},
  year          = {2020},
  primaryclass  = {cs.CV}
}

@misc{OldROS,
  title         = {Unsupervised Representation Learning by Predicting Image Rotations},
  author        = {Spyros Gidaris and Praveer Singh and Nikos Komodakis},
  year          = {2018},
}

@misc{CarlucciJigsaw,
  title         = {Domain Generalization by Solving Jigsaw Puzzles},
  author        = {Fabio Maria Carlucci and Antonio D'Innocente and Silvia Bucci and Barbara Caputo and Tatiana Tommasi},
  year          = {2019},
}

@misc{GeoTran,
  title         = {Deep Anomaly Detection Using Geometric Transformations},
  author        = {Izhak Golan and Ran El-Yaniv},
  year          = {2018},
}

@misc{domainAdaptFarahani,
      title={A Brief Review of Domain Adaptation}, 
      author={Abolfazl Farahani and Sahar Voghoei and Khaled Rasheed and Hamid R. Arabnia},
      year={2020},
}

@article{OSRsurvey,
   title={Recent Advances in Open Set Recognition: A Survey},
   author={Geng, Chuanxing and Huang, Sheng-Jun and Chen, Songcan},
   year={2021},
  }

@misc{OSRclassRec,
      title={Classification-Reconstruction Learning for Open-Set Recognition}, 
      author={Ryota Yoshihashi and Wen Shao and Rei Kawakami and Shaodi You and Makoto Iida and Takeshi Naemura},
      year={2019},
}

@article{SelfSupervisedXu,
   title={Self-Supervised Domain Adaptation for Computer Vision Tasks},
   author={Xu, Jiaolong and Xiao, Liang and Lopez, Antonio M.},
   year={2019},
}

@misc{bergman2020classificationbased,
      title={Classification-Based Anomaly Detection for General Data}, 
      author={Liron Bergman and Yedid Hoshen},
      year={2020},
}

@article{dectionGeometric,
  title     = {Deep Anomaly Detection Using Geometric Transformations},
  author    = {Izhak Golan and Ran El{-}Yaniv},
  year      = {2018},
}

@misc{OfficeHomeDataset,
      title={Deep Hashing Network for Unsupervised Domain Adaptation}, 
      author={Hemanth Venkateswara and Jose Eusebio and Shayok Chakraborty and Sethuraman Panchanathan},
      year={2017},
}

@misc{bendale2015open,
  title         = {Towards Open Set Deep Networks},
  author        = {Abhijit Bendale and Terrance Boult},
  year          = {2015},
  eprint        = {1511.06233},
  archiveprefix = {arXiv},
  primaryclass  = {cs.CV}
}